Quarter_Year,Total_Sales
Q1-2014,22656.1390528679
Q2-2014,28063.7495448589
Q3-2014,41957.8782916069
Q4-2014,64515.0860342979
Q1-2015,27374.0985765457
Q2-2015,27564.8280310631
Q3-2015,49586.0353336334
Q4-2015,65993.2750964165
Q1-2016,24349.3858766556
Q2-2016,41402.4969015121
Q3-2016,52814.6319265366
Q4-2016,80334.9205355644
Q1-2017,23723.8140845299
Q2-2017,45032.102747798
Q3-2017,56283.1016807556
Q4-2017,90348.2499887943
